@article{bourgoin2020,
	Author = {M. Bourgoin and S. G. Huisman},
	Doi = {10.1063/5.0009357},
	Journal = {Rev. Sci. Instrum.},
	Pages = {085105},
	Title = {Using ray-traversal for 3D particle matching in the context of particle tracking velocimetry in fluid mechanics},
	Volume = {91},
	Year = {2020},
}
